1744 2724
313 145 583 198 COMMENTARIVS.

86 262 105 287 „
117 221 153 271 riu
165 219 290 285 triumphat
303 220 380 266 oratio
391 236 452 277 mea,
464 218 525 279 quod
540 255 547 277 ,
559 219 599 264 diu
616 233 641 265 ac
658 221 756 266 multum
768 237 804 268 ru¹

85 330 105 354 aa
117 291 272 357 pugnantilaus
280 290 381 335 barbaris
393 325 400 347 ,
414 287 560 353 sophisticam
574 305 585 333 a
602 290 760 352 Complutensi
769 294 803 336 A„

85 400 104 423 sa
116 357 317 408 cademiafortiter
327 358 433 411 eieceris3
446 356 485 402 abi
495 372 564 402 annos
576 358 659 403 multos
677 375 728 404 curn
740 361 803 423 graui

84 430 254 491 „detrimento
274 429 387 474 bonarum
400 427 527 472 litterarum
550 431 571 471 &
590 426 701 472 dedecore
713 443 803 475 nostrae

85 536 104 560 υ
115 498 214 544 trationis
225 496 254 543 acl
265 497 335 543 risum
346 512 416 556 usque
428 501 598 541 &contemtum
610 510 737 543 exterarum
749 514 805 561 gen-

84 580 103 628 3,
113 568 172 613 tium
183 567 288 630 regnavit
299 566 399 627 impune.
412 567 429 589 “
441 565 501 608 Hinc
511 564 665 610 celebritatem
677 566 803 612 incredibi-

82 639 128 684 lem
139 642 160 682 δε
171 636 269 699 gloriam
280 632 416 679 Academiae
429 633 598 696 Complutensis
611 631 656 680 fere
668 635 801 681 immensam

84 706 210 758 auerraoriae
222 703 361 769 posteritatis
383 702 521 764 sempiterno
538 704 660 765 praeconio
681 706 802 768 consigna»

87 775 137 821 vit:
150 775 213 820 cuius
224 773 286 819 viros
302 774 367 835 plane
385 770 466 816 doctos
483 786 529 814 non
547 772 619 816 solum
637 789 749 830 mammo,
761 773 799 819 sed

86 843 166 891 diuina
178 841 276 904 quadam
289 838 398 903 sapientia
408 837 488 885 ceteris
499 840 570 884 totius
583 840 705 903 Hispaniae
717 841 801 887 doeio-

18 950 20 952 >
87 913 151 959 ribus
162 912 180 957 si
192 928 239 957 non
249 907 359 974 praeferre
368 921 462 972 propter
474 907 584 952 invirliam
597 925 661 956 ausus
671 923 719 968 est,
730 927 757 956 ne
766 911 801 958 iu-

88 981 177 1028 dicauit
189 979 282 1041 quidem
294 976 474 1043 postponendos.

143 1049 187 1094 Sub
197 1049 257 1094 idem
269 1045 315 1093 fere
332 1060 420 1110 tempus
437 1061 512 1091 omnes
521 1046 643 1109 Hispaniae
659 1047 747 1095 scholae
763 1066 800 1096 re⁴

89 1118 207 1166 lloreseere
224 1129 363 1180 coeperunt,
376 1130 514 1174 excussoque
524 1115 635 1162 barbariei
652 1118 723 1180 iugo,
736 1118 801 1179 quod

87 1187 184 1234 eervices
200 1199 287 1231 nostras
303 1183 400 1230 tamdiu
411 1197 533 1247 presserat,
543 1184 571 1229 acl
581 1186 729 1231 restituendas
741 1188 802 1232 nito-

90 1257 109 1302 ri
127 1272 167 1301 suo
188 1256 260 1300 bonas
279 1267 337 1299 artes
356 1268 447 1298 omnem
467 1268 557 1315 operam
575 1267 643 1314 atque
662 1254 798 1300 industriam

90 1341 150 1372 suam
159 1326 283 1370 contulere,
296 1324 351 1377 Quo
368 1318 452 1368 factum
466 1334 513 1377 est,
523 1335 547 1365 ut
564 1320 628 1367 brevi
642 1336 678 1368 tot
688 1323 749 1367 viros
759 1341 800 1369 na-

91 1394 126 1440 tio
138 1406 213 1439 nostra
232 1392 398 1456 progigneret,
410 1402 467 1450 quot
487 1403 537 1452 post
550 1404 636 1435 renatas
655 1393 741 1437 litteras
760 1393 800 1437 vix

74 1468 75 1471 ’
92 1463 137 1508 ulla
149 1478 201 1526 gens
210 1461 271 1507 tulit.
284 1461 346 1505 Hinc
358 1470 510 1523 opportunam
522 1461 598 1503 nathus
608 1461 749 1506 occasionem
761 1478 801 1505 au-

92 1533 140 1577 δῖοι·
156 1543 232 1575 noster
241 1528 378 1592 Apologiarn
396 1542 438 1591 pro
454 1526 525 1571 doetis
533 1527 656 1590 Hispaniae
666 1529 719 1573 siris
730 1529 800 1575 doeio

91 1600 205 1664 pariter&
216 1597 333 1658 eloquenti
347 1611 449 1641 sermone
459 1595 592 1657 conscripsit
608 1596 636 1640 acl
647 1597 800 1643 imitationem

92 1670 152 1714 Bruti
170 1665 331 1723 Ciceroniani,
350 1664 413 1710 cuius
438 1658 546 1725 {mappa-la
566 1663 589 1708 in
608 1680 633 1709 ea
651 1663 716 1710 facile
735 1683 802 1730 repe-

58 1761 60 1763 ’
90 1748 141 1794 ries.
153 1744 222 1790 Edita
236 1757 269 1789 est
280 1741 400 1804 Compluti
416 1756 474 1784 anno
487 1741 598 1784 MDLIH.
611 1738 729 1787 Infinitum
744 1755 800 1786 esset

27 1841 29 1844 .
91 1815 194 1862 oratioue
213 1811 318 1872 persequi
336 1810 392 1855 velle
411 1823 521 1869 quantum
532 1809 656 1871 Hispaniae
669 1847 675 1866 ‚
688 1823 800 1869 qirnntum

89 1899 164 1932 rursus
173 1872 219 1929 ,sibi
232 1891 383 1926 aaaranaonvs
396 1878 481 1940 gloriae
492 1875 648 1923 conciliaverit
664 1878 746 1940 insigni
756 1877 801 1924 hoe
844 1875 848 1882 ’

89 1951 174 2018 ingenii
183 1965 223 1995 suo
232 1948 383 1995 monimenta.
392 1945 418 1990 Id
428 1946 492 1991 unice
500 1945 622 1991 dicendum
632 1946 654 1990 in
665 1947 802 2010 praesentia-
832 1989 836 2001 ,

90 2038 140 2069 rum
158 2033 206 2077 est,
219 2034 266 2063 uno
277 2016 322 2062 hoe
332 2031 400 2079 opere
411 2013 559 2074 adsequutum
577 2030 621 2060 esse
633 2016 745 2061 allatorem
757 2032 801 2060 no-

88 2105 175 2146 strum,
189 2101 215 2132 ut
223 2087 282 2132 inter
299 2084 430 2149 praecipuos
439 2083 551 2146 Hispanae
562 2083 701 2129 litteraturae
718 2084 802 2130 instau·

90 2173 174 2209 ratores
189 2157 217 2201 ab
225 2153 308 2201 exteris
321 2151 434 2198 numerari
446 2152 560 2197 meruerit.

139 2229 208 2272 Anno
219 2225 246 2268 M
249 2224 341 2267 DLXX.
350 2221 452 2266 libellum
461 2229 491 2265 Da
498 2220 608 2282 foraaaaada
619 2224 668 2266 stila
680 2222 723 2267 luci
735 2238 800 2267 com-

89 2296 151 2352 misit
161 2293 263 2357 publicae
272 2329 278 2349 ,
286 2307 311 2336 ea
322 2327 328 2348 ‚
338 2307 395 2351 quae
404 2288 497 2334 decebat
509 2306 620 2335 suuunum
632 2291 677 2335 stili
689 2289 799 2336 artificem

89 2372 111 2412 δε
122 2363 253 2427 magistrum
266 2398 273 2419 ,
284 2358 394 2405 sermonis
413 2357 523 2404 murtclitie
540 2359 699 2415 elaboratum,
712 2359 800 2405 adieeio

89 2435 163 2481 altero
170 2430 281 2495 opusculo
288 2438 318 2475 Da
330 2427 423 2476 ataetlaatla
434 2429 575 2485 contionandi,
585 2428 608 2472 in
620 2427 725 2474 eumdem
734 2425 802 2474 fasci-

765 2512 804 2542 cu-
