1756 2640
337 102 508 158 SCHOLIA.
626 95 634 107 *
716 108 763 166 13³

61 194 110 243 elio
119 207 214 259 possem
225 189 266 241 uic
275 205 323 258 ego
334 204 455 239 recensere
465 227 472 248 ,
484 188 511 238 uc
520 185 589 238 tour
603 182 715 237 homines
731 137 782 231 side

62 276 158 328 odio&
166 275 250 328 taedio
258 293 288 326 er
299 291 337 325 me
345 272 445 325 audire:
455 270 526 340 proin
542 269 632 321 nemini
641 264 780 319 in'suaviurn

60 378 142 411 rerum
159 358 331 410 recordatione
345 357 500 408 stomachum
518 368 615 405 movere
629 363 664 401 est
673 348 779 409 animus,

60 444 122 511 quin
134 443 318 493 committamus
330 439 505 508 grarnmatistas
514 437 572 488 istos
586 435 614 486 dt
622 434 779 493 litteratores,

62 527 106 593 qni
118 543 195 593 quirin
205 525 235 576 ab
249 525 303 575 iniis
318 524 443 592 unguibus
459 525 491 574 ad
506 522 621 573 verticem
639 536 716 587 usque
731 518 780 570 toti

60 611 108 661 sint
125 610 235 661 barbarie
246 611 371 668 concreti,
382 609 443 658 nilril
455 607 587 658 iucundius
598 605 724 657 suaviusve
734 605 780 654 du-

60 709 131 758 cunt,
143 714 219 764 quam
229 698 254 746 in
264 712 307 746 sua
316 707 437 763 perpetuo
445 693 555 743 barbarie
563 691 742 749 contabescere,
751 689 780 739 ὃς

60 782 148 850 glande
163 781 290 832 barbarica
307 780 338 830 ad
354 773 781 843 ultimumlucisusquediemvitti*

60 881 128 921 tare:
138 867 224 918 necita
239 883 323 916 rursus
338 881 366 914 err
384 862 453 913 omni
471 874 540 929 parte
552 860 669 929 lynceum
679 860 783 910 circurn-

60 952 204 1019 speurmve
211 947 325 999 existimo
334 944 406 995 fuisse
414 941 596 994 Nebrissensem
606 978 613 1001 ,
625 951 653 991 ut
661 938 726 990 nefas
734 931 781 1006 pu.

60 1046 111 1088 tem
119 1036 227 1104 digitum
234 1034 312 1086 latum
322 1032 352 1084 ab
358 1031 459 1083 nomine
468 1027 637 1082 oculatissimo
646 1021 779 1076 dissentire:

59 1120 150 1172 etenim
160 1120 295 1190 parendoque
304 1113 378 1171 boans*
389 1115 498 1167 dormiret
507 1110 629 1165 Homerus.
647 1105 733 1172 Itaque
748 1115 779 1158 ne

59 1205 167 1275 lougius,
177 1223 253 1276 quarn
261 1220 307 1271 par
314 1213 357 1265 est,
367 1199 518 1269 prooemiari
527 1196 664 1254 videamur,
674 1192 717 1244 ubi
726 1190 776 1242 for-

61 1300 121 1341 tasse
129 1306 192 1360 quae
204 1289 368 1340 dirirnusnon
379 1281 515 1334 admodum
524 1276 654 1328 necessaria
662 1285 739 1335 erant,
747 1274 777 1340 a)

61 1386 170 1441 qrratuor
181 1390 220 1424 me
236 1370 356 1439 polliceor
371 1366 458 1418 ordine
474 1356 778 1416 tradaturumfflrimum,

60 1457 125 1525 quid
142 1456 278 1524 significent
293 1452 366 1502 verba
392 1444 562 1514 impersonalia
580 1441 689 1508 passivae
703 1436 780 1490 vocis:

62 1559 123 1594 rnox
129 1541 194 1591 unde
204 1541 317 1591 oriantur
329 1534 434 1589 :deinde
450 1529 581 1600 quomodo
598 1534 782 1576 construantur:

61 1637 190 1694 postremo
197 1633 224 1674 ut
233 1617 448 1673 resolvanturlam
460 1625 489 1664 ut
496 1611 603 1679 primum
618 1606 782 1667 absolvamus,

62 1722 250 1777 praemonemus
265 1704 290 1754 in
305 1701 389 1771 primis
401 1714 505 1766 pueros,
516 1694 612 1763 fugiant
623 1691 782 1759 antiquorum

63 1803 250 1861 praeposteram
264 1785 420 1854 opinionem,
431 1778 623 1833 existimantium
632 1817 640 1840 ,
649 1775 678 1826 &
695 1775 789 1844 (quod

62 1875 159 1945 gravius
168 1873 215 1938 est)
223 1866 437 1938 praecipientium,
447 1860 619 1929 impersonalia
629 1858 698 1911 vocis
706 1857 782 1923 passi-

66 1970 111 2008 vae
122 1972 171 2007 rem
181 1952 282 2006 minime
290 1948 424 2019 generalem
434 1944 581 2014 significare:
593 1944 691 2008 lroeque
703 1954 784 1989 errore

65 2039 219 2099 imbuti,nou
226 2032 420 2087 reformidabant
430 2030 524 2081 dicere:
535 2029 638 2079 curritur
651 2042 665 2076 a
676 2042 710 2075 mr
720 2041 726 2074 :
736 2037 785 2074 sra-

65 2138 105 2177 trtr·
112 2119 249 2189 ataAtqni
259 2116 343 2169 melius
352 2113 433 2167 multo
440 2112 480 2162 hic
488 2122 567 2163 noster
575 2107 791 2175 sensit,quiatiio-,

65 2227 122 2263 nem
132 2225 188 2258 curn
201 2206 308 2275 quadarn
323 2199 481 2271 generalitate
495 2191 792 2266 significare,contrani‹

65 2293 173 2345 tentibus
180 2291 297 2351 barbaris,
308 2289 424 2342 adseruit.
437 2286 513 2338 Vnde
523 2301 574 2336 non
584 2293 611 2332 ut
620 2278 665 2340 illi,
676 2295 785 2343 quorum

65 2392 130 2441 uuus
138 2373 251 2441 idernque
262 2371 356 2447 prunus
364 2369 412 2423 luit
422 2368 570 2435 Priscianus,
580 2363 702 2419 dicemus:
711 2363 784 2415 carni-

438 2449 467 2516 Υ,
748 2459 789 2507 aar
