1812 2776
362 176 532 233 SCHOLIA.
625 176 627 178 ’
739 175 790 241 169

79 260 215 327 partitione
230 260 413 329 interpretarer,
425 260 543 313 adnotavi
552 279 558 311 :
567 258 673 312 alterurn
687 253 805 326 quiderm

82 348 232 415 eupunetam
249 364 288 399 me
297 346 412 413 reperisse
420 346 556 397 difflonem
570 346 636 397 illam
647 345 804 396 substantiva*

79 451 105 488 tn
117 437 147 487 ab
159 437 240 498 Arte,
252 452 316 504 quae
328 434 474 486 Granatinis
489 449 576 485 excusa
587 433 654 502 typis
663 470 670 493 7
679 447 759 496 nuper
769 430 801 481 ad

78 539 122 572 nos
132 522 276 574 venit.Nec
292 522 318 572 id
327 520 378 572 sine
387 519 483 572 ratione
499 516 592 571 fastum
607 518 730 567 arbitror:
741 533 798 568 nam

77 604 200 670 quorsum
210 603 298 654 attinet
309 602 391 653 dicere
400 600 520 670 gerundia
531 600 682 652 substantiva
698 600 800 667 reperiri

77 687 269 740 nrbrrnnrinura?
281 686 386 737 sienim
402 685 554 736 substantiva
572 696 645 743 sunt3
664 685 708 750 qui
725 697 798 751 poten

76 784 135 822 runt
148 772 324 823 substantivari
335 807 342 831 ,
352 788 432 838 quum
443 767 559 820 adieeiivi
571 767 603 816 sit
612 764 684 831 plane
692 767 809 823 substan,

76 854 165 916 tivari,
179 872 230 906 non
242 851 410 905 substantivi?
421 851 560 917 namquod
575 849 632 917 quis
649 849 722 899 babet
737 849 800 917 quid

75 939 174 1006 sperat?
185 939 304 989 Alterum
321 954 398 996 vern,
411 936 483 1002 quod
496 951 546 988 non
560 931 697 983 mediocres
707 932 799 984 excita-

74 1025 110 1076 vit
121 1024 183 1077 oiim
200 1024 225 1074 in
240 1022 330 1075 scholis
344 1020 502 1090 tragoedias,
515 1030 568 1079 est,
580 1018 651 1086 quod
668 1017 692 1068 in
705 1019 801 1072 codici-

73 1107 119 1159 bus
130 1106 251 1177 Lugduni
266 1121 345 1173 nuper
360 1103 435 1154 etiam
452 1102 547 1153 excusis
559 1099 700 1153 oblitterata
715 1112 750 1153 est
766 1100 795 1152 ὃς

70 1192 195 1260 expuncta
208 1190 293 1243 oratio
309 1188 363 1240 illa:
377 1205 473 1256 quorum
485 1186 639 1237 nominativus
651 1198 685 1236 err
701 1201 794 1248 amare,

73 1294 191 1346 ptrumpm
200 1279 289 1328 nonu'na
303 1259 545 1341 usurparunpulchre
556 1265 676 1317 mehercle
687 1265 790 1321 factum.

71 1358 139 1410 Nam
150 1359 194 1410 diu
205 1357 277 1409 torsit
286 1372 331 1408 nos
341 1351 537 1412 difficilislocus,
550 1361 594 1401 aut
602 1351 726 1418 egregium
735 1351 792 1418 (au-

72 1445 156 1496 dacius
178 1441 301 1506 dixerim)
318 1435 527 1506 aenigma,qu0d
547 1432 586 1484 vel
605 1430 721 1503 Oedipus
738 1433 790 1502 ipse

71 1547 123 1582 non
141 1528 282 1596 explicaret.
293 1527 327 1593 ἢ

121 1613 280 1665 Gerundium
296 1607 443 1663 nominativi
460 1605 583 1674 principio
599 1620 644 1657 nec
660 1620 708 1656 esse
723 1605 793 1657 adse-

70 1702 119 1755 ruit
128 1701 199 1770 plane
208 1696 371 1751 Nebrissensis
380 1712 445 1757 ‚nec
460 1692 539 1761 palam
556 1708 630 1743 ausus
643 1702 679 1743 est
694 1707 794 1760 negare.¹

69 1787 144 1840 Valla
152 1803 212 1838 vero
223 1794 306 1852 aperte
320 1782 426 1852 negavit.
445 1777 622 1847 Despauterius
634 1776 695 1828 nibil
712 1777 793 1830 minus

69 1871 160 1921 veritus
174 1879 209 1919 est
226 1904 234 1927 ‚
257 1882 331 1933 quam
345 1862 493 1930 gerundium
510 1858 659 1910 nominativi
676 1859 791 1911 admitte

68 1969 102 2006 re:
111 1952 150 2002 cui
158 1968 205 2018 ego
214 1946 351 2014 Virgiliana
360 1944 507 1996 auetoritate
516 1942 634 2009 impulsus
643 1946 654 2012 (
662 1943 699 1995 Et
705 1961 793 2012 pacem

69 2034 193 2092 Traianou
204 2047 258 2099 rege
263 2026 405 2098 parendum)
415 2025 540 2078 adsentior
551 2026 609 2077 :ubi
618 2027 637 2077 si
651 2026 791 2094 aequatam

68 2134 97 2171 ce
110 2132 195 2169 omnes
211 2112 331 2166 orationis
347 2123 429 2179 partes
444 2128 575 2178 earumque
590 2112 714 2179 syntaxim
730 2129 796 2180 pera,

70 2204 160 2271 pendas
170 2240 177 2262 ,
192 2199 284 2250 nuliam
303 2214 386 2248 earum
396 2195 511 2264 profetto
520 2195 642 2256 invenies,
653 2194 792 2248 cuidittio⁴

67 2305 126 2339 nem
137 2284 262 2355 petendum
279 2294 335 2333 tuto
352 2284 442 2334 audeas
456 2282 608 2334 adscribere:
626 2281 790 2349 excogitanda

67 2368 144 2437 igitur
160 2364 267 2416 ruitaria
280 2363 400 2415 orationis
416 2380 489 2428 pan,
502 2380 566 2429 quae
583 2362 729 2431 gerundium
746 2379 793 2413 no·

69 2447 418 2519 minatis-iappellareturHoc
425 2448 527 2516 quidem
535 2445 661 2504 antonem
668 2462 724 2499 cum
732 2462 792 2512 qua-

448 2530 474 2585 Y
735 2529 794 2582 dam
