1752 2756
98 158 151 211 216
227 154 264 204 m
283 151 477 220 Qvnnrvrn
495 147 661 204 nutum.

81 239 140 292 loco
151 255 197 308 ptr
216 255 297 305 artant,
316 236 365 286 iam
380 235 479 287 huiusce
497 236 531 286 rei
553 251 623 285 usum
638 230 709 282 nobis
727 248 798 300 prae-

82 324 155 376 stabit
172 321 315 374 adverbium
326 338 387 391 qna:
406 333 451 385 ut,
468 339 515 390 qua
532 322 607 371 ituras
619 319 658 368 rr?
669 316 745 367 Nune
758 324 800 386 qui

81 410 211 462 debeamus
230 405 434 475 percontantibus
449 421 493 475 per
504 405 564 456 haec
574 400 690 454 adverbia
704 416 802 470 respon⁴

81 495 156 557 dere,
172 492 275 547 stritlim
296 491 477 560 contingemus.

169 660 200 716 Vt
216 659 392 731 respondendnm
415 660 445 710 sit
465 655 657 726 percontantibus
668 673 715 726 prr·

303 764 348 817 ptr
363 743 497 797 adverbium
507 739 569 793 Vbi.

85 869 283 963 PErcontanti
301 918 382 960 autem
397 922 439 973 per
452 903 598 956 adverbium
612 902 669 964 nbi,
685 901 801 957 bifariam

84 993 231 1060 respondere
246 992 319 1043 lieet:
336 1002 462 1057 auraeque
482 1006 526 1056 per
544 985 677 1049 adverbia,
696 999 738 1038 aut
755 1004 801 1040 no-

83 1075 148 1125 mina
172 1075 273 1141 propria
290 1075 405 1125 locorum
422 1071 594 1122 adverbialiter
612 1070 703 1138 potita.
722 1070 750 1121 Si
765 1089 800 1123 te·

82 1158 204 1225 spondere
212 1155 279 1205 lubet
289 1171 332 1222 per
343 1151 443 1205 nomina
455 1153 557 1220 propria
573 1153 688 1204 locorum
699 1192 708 1215 ,
720 1155 800 1205 eonsi-

82 1242 217 1292 dcrnndnm
230 1238 352 1307 inprimis
370 1250 422 1298 est,
439 1236 619 1286 inclinenturne
637 1236 680 1286 illa
698 1254 741 1305 pet
753 1238 801 1304 pri-

82 1344 148 1377 mam
162 1327 201 1376 vel
216 1325 347 1376 secundam
364 1322 471 1374 numinis
490 1322 697 1382 declinationem,
712 1338 742 1372 an
759 1338 802 1389 per

83 1409 192 1461 tertiam?
205 1408 232 1459 Si
240 1424 284 1474 per
301 1404 406 1474 primam
414 1405 453 1454 vel
461 1407 594 1457 secundam
604 1444 611 1465 ,
623 1404 721 1456 nuncin
733 1405 801 1474 geni-

84 1492 139 1544 tivo
156 1501 282 1558 pariuntur
300 1487 395 1538 numeri
403 1486 529 1554 singularis
540 1526 547 1548 ,
557 1505 614 1537 eum
624 1487 660 1536 bie
674 1487 749 1539 etiam
757 1501 806 1556 αρ’

86 1571 210 1641 pellativis
226 1570 322 1621 rnilitiae
331 1607 338 1630 ,
347 1568 402 1620 tela
415 1606 422 1629 ,
434 1570 494 1620 darni
505 1608 512 1630 ,
523 1570 584 1621 iunii
594 1609 601 1632 ‚
612 1585 687 1621 terrae
699 1607 707 1630 ,
725 1585 800 1640 ragat:

86 1670 130 1717 ut,
141 1657 186 1707 Est
198 1654 366 1713 Saluitntirae,
377 1666 410 1702 est
421 1651 510 1712 Taleti,
524 1653 634 1715 eridani,
648 1668 681 1704 aar
690 1654 798 1704 ntilitinr.

84 1741 146 1792 Inrle
160 1740 250 1807 signina
263 1749 319 1787 sirnt
334 1736 433 1787 numina
442 1737 570 1804 pluraliter
579 1748 675 1787 tantum
693 1736 800 1788 deelina-

85 1837 110 1874 ta
122 1863 129 1885 ‚
141 1837 203 1890 quae
220 1837 270 1870 non
285 1818 310 1868 in
325 1818 454 1886 genitivo,
469 1820 511 1868 sed
530 1817 641 1869 ablativo
659 1819 743 1885 potius
758 1833 803 1875 aut

84 1907 171 1961 dativo
181 1904 337 1956 collocantur
347 1922 353 1954 ι
364 1913 393 1952 ut
404 1901 422 1951 si
436 1915 567 1969 quaeratur
579 1940 587 1963 ‚
599 1904 638 1956 nii
657 1919 692 1955 est
702 1905 807 1958 Parrasi,

83 1991 179 2060 optime
187 1986 360 2053 respondebis,
371 1985 527 2048 atratinus,
539 2002 573 2039 aa
582 1988 692 2040 Parisiis.
703 1988 731 2040 Si
740 2004 799 2040 vero

82 2093 128 2144 per
139 2076 236 2126 tertiam
246 2074 418 2134 declinantur,
427 2084 558 2141 ponuntur
566 2073 590 2122 in
604 2072 714 2126 ablativo
723 2093 730 2134 ;
740 2074 799 2137 sive,

84 2174 112 2211 ut
123 2160 224 2212 Servius
239 2157 309 2219 vult,
324 2157 348 2207 in
358 2155 444 2209 dativo
452 2174 512 2207 eum
522 2155 689 2223 appellativis:
700 2157 799 2219 uuna

83 2243 200 2313 Hispali,
211 2243 368 2303 rrtSactabi‚
386 2256 420 2294 art
434 2240 538 2303 Bilbili,
557 2256 590 2294 ert
605 2241 746 2310 Carthagini
758 2240 798 2293 vel

83 2328 229 2396 Carthagine
238 2367 245 2389 ‚
255 2342 291 2379 est
299 2327 411 2398 Arpinati
429 2327 467 2377 vel
477 2326 612 2397 Arpinate,
623 2328 665 2377 secl
675 2325 800 2377 venustius

82 2428 127 2480 per
142 2411 263 2465 dativum.
283 2410 312 2463 Si
323 2427 401 2476 porro
417 2428 493 2481 aeque
507 2428 552 2479 per
569 2411 685 2466 adverbia
700 2428 798 2482 respon·

756 2497 798 2548 cle‹
