1764 2716
342 127 513 182 SCHOLIA.
644 126 646 128 '
716 137 772 192 203

70 226 235 292 accipenserem
253 233 300 267 esse
318 214 428 281 pisce1n3
450 215 492 264 sed
511 195 792 275 differreaceterisspess

68 310 112 361 cie.
127 308 182 359 Nec
198 305 265 357 dicas
284 301 375 371 igitur,
389 299 477 350 [retiari
487 296 650 363 crucifixerunt
670 292 789 345 Christum

68 398 128 448 irater·
135 394 189 444 draus
196 391 256 442 alins
263 391 364 441 lurrnnrr
375 382 448 453 :quia
457 382 490 431 sic
500 380 601 447 loquens
610 367 788 438 diceres,Clrri⁴

67 493 130 529 suun
142 476 214 525 luisse
223 474 354 524 latronem.
366 468 436 520 Cave
444 465 518 533 igitur
527 479 556 513 ne
568 460 698 530 decipiaris
708 458 733 510 in
744 461 787 509 hu-

66 561 174 612 iusmodi
193 558 300 608 relativis
318 552 466 606 substantiae
486 546 650 607 diversitatis,
669 563 714 595 nec
731 562 786 596 nm-

66 656 141 714 quam
158 644 190 692 eis
207 644 300 699 utaris,
312 639 358 688 nisi
367 637 514 688 antecedens
525 634 632 683 eiusdem
652 648 701 681 esse
712 613 784 697 geness

68 729 101 778 ris
109 727 148 777 vel
158 724 248 793 speciei
258 740 315 774 curn
327 739 367 783 eo,
377 721 449 788 quod
461 715 691 782 consequitur,velis
704 717 787 765 osten-

68 812 134 863 dere.
158 804 242 876 Atini
263 804 364 856 relativa
383 807 444 854 haec
465 802 616 852 substantiae
636 797 788 850 diversitatis

67 910 125 950 sunt
141 899 217 958 aliur,
228 894 307 952 altar,
318 893 420 958 reliquus
429 926 437 948 ,
446 887 475 936 &
484 900 560 938 catara
571 923 578 945 ,
591 897 700 934 ceteruia.
719 879 787 930 Nam

67 998 128 1036 rerer
145 982 184 1033 vel
206 993 294 1032 ceteras
322 993 374 1027 non
398 970 500 1024 memini
524 986 562 1021 me
579 967 672 1036 legisse.
690 961 789 1016 *Consi*

68 1063 202 1116 derandum
214 1070 340 1127 praeterea
349 1067 399 1117 est,
412 1054 543 1106 relativum
554 1048 687 1102 accidentis
696 1048 723 1099 in
734 1045 788 1098 nul-

69 1147 96 1200 lo
113 1145 239 1197 accidente
253 1157 312 1192 cuni
328 1138 487 1191 antecedente
504 1148 657 1202 congruere,
677 1131 788 1181 sedeunt

67 1239 232 1298 consequente
259 1224 344 1293 potius
369 1220 523 1273 concordare
544 1217 570 1266 in
586 1231 691 1266 nurnero
709 1212 738 1263 &
757 1211 785 1265 in

66 1328 152 1382 genere
173 1310 200 1361 &
228 1309 253 1359 in
280 1322 337 1357 casu
352 1323 359 1355 :
374 1314 428 1362 ut,
458 1299 615 1368 Polyphemus
634 1310 686 1347 trac
713 1295 785 1355 altus,

67 1409 155 1466 qrtttnra
172 1406 205 1443 esr
223 1391 296 1443 turris
315 1386 470 1454 Hispalensis.
491 1379 635 1431 Relativum
645 1395 705 1428 vero
727 1377 786 1427 sub-

68 1480 169 1531 stantiae
177 1478 202 1526 in
218 1475 316 1526 duobus
335 1488 391 1521 ctun
406 1468 567 1520 antecedente
585 1463 743 1523 concordat,
761 1461 788 1511 in

69 1576 173 1614 numero
190 1556 218 1606 &
237 1556 262 1606 in
271 1569 374 1622 genere,
392 1563 490 1619 praeter
498 1568 552 1602 raus
565 1586 572 1609 ‚
586 1566 628 1600 sua
638 1583 646 1607 ,
658 1563 740 1605 suum,
758 1544 788 1593 dc

68 1645 168 1697 relativa
192 1640 343 1694 substantiae
359 1636 523 1696 diversitatis,
542 1649 605 1701 quae
625 1649 686 1683 curn
702 1645 789 1682 conse-

68 1740 159 1797 quente
173 1726 329 1777 concordant
346 1759 355 1783 ,
374 1720 587 1789 quemadmodum
595 1728 645 1779 ea',
655 1730 719 1783 quae
729 1706 788 1764 sunt

69 1810 219 1865 accidentis:
232 1822 278 1869 ut,
296 1808 364 1859 cliens
375 1818 573 1873 rogarparranum
591 1816 694 1854 caussam
712 1806 788 1849 saanr.

70 1894 226 1950 Antecedens
237 1891 308 1941 huius
324 1888 419 1940 relativi
432 1884 494 1939 suane
503 1896 539 1937 est
549 1886 639 1944 cliens,
658 1883 686 1933 &
705 1883 790 1933 tamen

69 1978 185 2048 congruit
192 1992 249 2026 cum
257 1971 409 2025 substantivo
418 1980 542 2037 sequente,
552 1967 622 2036 quod
631 1974 665 2014 est
674 1979 789 2024 caturam,

69 2063 226 2121 innumero,
239 2074 296 2108 casu
305 2056 435 2123 &genere
446 2050 592 2103 Sallustius:
605 2051 678 2101 leuiter
690 2045 718 2096 &
728 2046 788 2097 aliur

63 2150 147 2218 strar:
158 2142 299 2195 antecedens
317 2140 388 2189 liuius
405 2135 501 2188 relativi
512 2135 572 2186 alias
588 2142 625 2183 est
643 2132 736 2189 leones,
759 2128 789 2179 &

71 2228 188 2298 congruit
199 2242 255 2276 curn
263 2224 332 2291 ferus
343 2240 349 2273 ε
364 2227 393 2270 ex
408 2236 462 2285 quo
472 2216 579 2269 infertur
586 2215 685 2268 leonern
696 2229 745 2266 esse
755 2211 792 2264 fe-

71 2333 135 2369 ram.
153 2313 196 2366 Sic
217 2312 285 2379 apud
304 2306 458 2376 Virgilium:
476 2305 540 2358 Tune
559 2300 791 2370 insinuarentur

73 2402 176 2455 intereas
197 2395 412 2452 trituraturis:
432 2390 535 2442 infertur
563 2390 647 2445 casian
665 2402 715 2439 esse
734 2386 792 2441 her-

451 2478 518 2535 Ccz
723 2471 793 2525 batn.
