1744 2668
102 153 152 204 154
227 133 268 186 IN
285 131 478 200 QVARTVM
495 128 661 186 Auro-NH.

83 229 351 268 citramontanam:
361 217 403 267 sed
412 218 500 269 verius:
510 220 636 269 ciuritttra
647 211 716 264 iiiiii:
726 222 802 261 statur

82 318 98 353 a
112 302 183 353 auiis.
194 298 249 351 Nec
264 315 289 352 te
298 315 397 353 moveat
407 341 414 364 ,
426 306 495 370 quod
510 302 572 370 legas
580 294 803 367 apuchrentirun:

82 386 141 452 quid
147 385 238 455 agitur?
247 400 334 448 statur,
345 406 422 455 quum
430 388 532 438 verbum
541 386 571 437 ad
579 400 658 433 unum
667 378 802 428 Parmeno-

81 483 137 517 nem
146 465 273 529 referatur,
281 469 338 534 quia
347 485 395 518 una
402 468 510 518 hirundo
517 484 568 524 non
575 464 635 517 flacit
643 480 693 521 uer3
703 476 747 510 nec
753 460 804 524 pul-

81 552 138 600 citra
150 550 200 600 dies
209 563 333 603 aestatem.
343 550 424 601 Habes
439 554 470 603 de
485 551 575 617 primo,
592 548 689 614 Accipe
701 544 803 596 murcde

82 636 201 697 secundm
211 648 238 687 ut
247 635 321 687 fidem
334 649 444 689 nostram
452 632 714 689 liberemusssiiariam
722 629 804 681 orium

81 733 123 771 tur
131 720 204 772 verba
213 723 374 791 impersonalia
386 763 393 786 s
404 724 506 792 proprie
513 722 604 774 scilicet
620 719 648 770 8<
660 716 804 785 improprie:

82 801 184 871 proprie
196 819 210 854 a
222 804 303 855 verbis
312 804 404 855 neutris
418 804 536 857 absolutis
550 801 647 871 quintii
658 799 751 853 ordinis
760 837 767 859 ,
776 809 804 849 ut

83 889 205 949 stertitur,
221 902 297 941 statur·
307 925 314 950 ‚
324 901 460 958 pargantur:
473 883 608 954 improprie
623 882 725 936 avcrbis
742 898 801 931 neu-

83 972 126 1022 tris
137 973 256 1023 secundae
264 973 367 1039 speciei,
379 988 441 1039 quae
456 972 568 1024 dativum
583 987 665 1024 casum
681 980 767 1036 regunt
777 967 803 1018 in

83 1055 144 1105 serie
153 1056 274 1107 orationis
284 1068 324 1107 :ut
332 1059 432 1108 struitur
442 1093 450 1117 ,
461 1057 558 1109 sedetur.
566 1054 616 1105 Hic
625 1053 686 1105 solet
697 1050 803 1103 amuitis

81 1141 194 1209 quaestio
203 1140 243 1189 illa
256 1140 353 1208 agitari,
363 1156 393 1190 an
404 1138 477 1190 etiam
484 1137 645 1208 ingrersuiialz'a
653 1134 721 1187 vocis
729 1133 803 1202 passio·

81 1240 126 1276 vae
132 1224 223 1276 ducant
235 1225 356 1293 originem
365 1242 379 1275 a
388 1225 468 1276 verbis
477 1222 573 1285 atticis,
582 1238 683 1291 quaene
691 1220 803 1281 nobisne

80 1309 157 1363 multa
166 1310 244 1363 solent
252 1312 393 1364 huiusmodi
403 1351 410 1373 ‚
422 1311 450 1361 ἃ
462 1311 562 1379 quidem
573 1308 646 1361 nimis
659 1323 756 1360 morose
768 1343 775 1367 ,
788 1322 803 1356 a

80 1394 244 1460 grammaticis
255 1394 364 1462 erigatur
377 1432 386 1455 ‚
400 1394 427 1444 &
447 1411 525 1445 meam
539 1394 590 1460 ipse
607 1392 738 1462 appingam
749 1408 802 1442 sen-

81 1479 193 1531 tentiam.
202 1478 278 1546 Quae
287 1517 294 1540 ‚
304 1489 333 1529 ut
341 1479 454 1547 protinus
464 1480 496 1531 ad
506 1495 557 1530 rem
565 1477 716 1537 conferatur,
728 1478 803 1528 audit

82 1564 134 1622 cfter
143 1565 213 1616 nobis
221 1581 363 1632 persuasum
372 1566 497 1617 habemus:
506 1565 580 1617 verba
589 1560 760 1634 impersonalia
770 1563 802 1613 ab

81 1650 168 1704 aciivis
178 1651 241 1702 trahi
249 1666 330 1716 posse,
340 1650 374 1700 ita
384 1660 412 1699 ut
422 1648 495 1701 liceat
502 1648 536 1700 sic
546 1648 628 1717 loqui,
638 1650 732 1718 legitur,
744 1651 802 1699 erui-

82 1751 139 1797 ταν,
150 1735 264 1787 venditur.
279 1735 395 1786 habemus
403 1735 467 1787 enim
476 1737 589 1788 austures
600 1735 711 1788 classicos
721 1773 728 1796 ‚
738 1750 801 1800 quos

78 1819 206 1888 piaculum
215 1829 273 1870 esset
281 1818 431 1880 detretiare,
444 1819 534 1887 quibus
545 1821 609 1870 lianc
617 1837 695 1870 meam
705 1830 799 1868 senten-

80 1905 181 1965 tiamac
191 1921 242 1956 non
248 1917 327 1954 meam
336 1901 447 1970 quidem,
456 1900 498 1953 sed
506 1901 589 1971 potius
597 1902 710 1955 omnium
717 1917 797 1969 gram-

80 1991 246 2050 mancorum,
257 1997 387 2057 quotquot
397 1987 505 2055 (praeter
514 2003 593 2038 unum
604 1985 758 2052 Antonium)
767 1984 799 2037 le-

80 2075 123 2142 gi,
139 2072 209 2125 facile
228 2071 292 2125 tueri
316 2088 425 2138 possum.
446 2069 513 2124 Nam
532 2083 660 2140 praetereo
682 2071 797 2141 antiquos

79 2158 268 2227 grammaticos,
278 2158 323 2226 qui
336 2173 421 2210 omnes
439 2175 493 2210 uno
510 2175 553 2209 ore
569 2156 742 2225 impersonalia
751 2175 796 2209 vo-

78 2244 112 2294 cis
119 2245 227 2310 passivae
235 2244 266 2295 ab
279 2244 364 2296 atrivis
375 2243 491 2314 progigni
502 2243 618 2296 fatentur.
633 2243 752 2295 Ceterum
764 2244 795 2294 ad

77 2328 224 2380 recentiores
232 2329 306 2382 venio
317 2368 325 2393 s
336 2329 380 2397 qui
395 2331 444 2382 hoc
460 2331 540 2400 ipsum
554 2331 683 2382 adfirmare
691 2346 741 2381 non
752 2345 793 2379 ve*

76 2426 176 2480 rentur,
185 2415 249 2469 inter
257 2430 320 2483 quos
327 2424 362 2467 est
372 2413 499 2468 Erasmus.
512 2413 581 2466 Idem
590 2413 729 2473 Germanus
739 2412 794 2479 quia

738 2495 795 2545 dam
