1732 2704
309 158 583 211 COMMENTARIVS.

73 238 265 301 r'it.Suspicamur
287 234 414 281 orationem
436 231 520 277 banca
542 239 687 275 nirrnnono
707 223 794 288 scriptis

73 306 205 353 mandatam
225 321 270 350 non
289 301 370 361 fuisse,
384 315 422 347 ant
441 300 514 345 adhuc
534 298 592 343 inter
611 296 695 341 blattas
711 294 792 340 tineas·

72 392 117 436 que
127 375 273 425 delitesceret
284 389 325 418 nos
344 370 428 417 frustra
445 370 508 413 inea
526 364 682 427 conquirenda
698 378 790 427 operam

70 445 164 490 lusimus
176 462 182 497 3
194 442 390 505 quemadmodum
406 445 426 485 ἃ
438 440 507 482 altera
518 474 524 494 ‚
537 452 606 496 quarn
617 435 640 479 in
652 431 792 480 celebrandis

71 514 165 577 publica
176 512 288 559 concione
298 511 379 573 Bur-gis
390 546 397 566 ,
410 507 502 552 ciuitate
513 505 662 568 disciplina&
679 502 791 566 gravitate

73 581 165 639 nobili,
177 580 275 637 habuit,
288 579 351 624 cuius
364 577 478 640 egregium
493 572 564 619 adfert
574 572 726 638 fragmentum
739 585 790 633 pag.

73 652 130 710 284.
142 650 264 696 memorati
275 647 357 711 operis.
370 646 463 690 Vtinam
474 643 503 688 ad
513 659 591 687 manus
608 654 695 687 nostras
711 654 791 703 perve-

73 719 173 778 nissent,
184 732 209 764 ut
220 717 346 764 editionem
356 714 414 760 hanc
425 712 599 778 locupletiorem
607 711 663 757 dare
678 709 792 774 potuisse-

71 786 132 833 musl

124 856 245 913 >Qorriam
267 854 393 917 principem
409 850 547 897 'Rhetoriees
566 848 696 894 cathedram
706 863 791 893 arara-

74 939 145 972 mono
158 922 320 969 moderandam
333 920 399 966 fuisse
416 920 523 965 traditam
543 919 660 976 diximus,
674 933 719 961 non
738 914 791 961 alie-

74 1010 130 1039 num
143 992 185 1038 erit
197 1010 208 1037 a
219 992 338 1056 proposito
350 1007 459 1047 monere,
474 1001 574 1049 quatuor
593 988 658 1032 sinrul
675 984 741 1030 fuisse
757 984 790 1029 illi

73 1060 316 1108 facultariedocendae
326 1057 460 1122 professores
471 1057 596 1102 destinatos
608 1056 629 1100 in
640 1055 791 1117 Compluten·

74 1132 92 1176 si
104 1131 241 1188 Athenaeo,
254 1129 284 1173 ob
295 1129 408 1191 ingentem
421 1141 461 1184 ‚ur
469 1125 558 1172 credere
576 1141 614 1188 par
623 1139 669 1183 est,
679 1122 790 1167 studioso·

72 1216 123 1246 rum
136 1214 255 1243 numerum
266 1196 367 1257 undique
384 1194 550 1240 confluentium
563 1210 589 1239 ex
608 1193 701 1254 reliquis
710 1188 789 1254 Hispa·

68 1265 256 1331 niaeprorinciis
266 1265 351 1310 adeam
363 1264 456 1320 urbem,
467 1280 524 1323 quae
537 1262 665 1307 litterarum
677 1260 788 1323 principa-

73 1350 124 1382 tum
143 1350 219 1382 tenere
234 1333 367 1380 credebatur
374 1349 383 1385 5
397 1348 436 1377 nec
450 1331 476 1376 ,id
492 1330 586 1392 quidem
599 1330 715 1376 immerito
727 1347 731 1371 :
742 1334 789 1372 non

74 1404 153 1451 multis
170 1418 221 1449 ante
241 1402 303 1447 annis
323 1414 446 1465 patronum
466 1416 491 1445 ac
514 1398 658 1444 fundatorem
678 1397 789 1442 habuerat

74 1487 238 1519 rnancrscurn
253 1471 320 1515 ,illum
340 1482 472 1513 xrntenrmu
487 1468 532 1524 (de
544 1483 594 1527 quo
606 1504 612 1525 ‚
624 1482 651 1513 ut
673 1465 787 1510 Sallustius

74 1541 103 1587 de
116 1540 254 1604 Carthagine
265 1538 325 1584 dixit
338 1575 344 1595 ‚
359 1538 425 1582 satius
442 1551 473 1583 arr
484 1551 561 1592 tatere,
575 1550 712 1596 atttrrapaara
721 1535 787 1591 loqui)

75 1615 96 1656 &
106 1624 283 1655 urnnrssnrrsmn
296 1605 409 1654 barbariei
421 1607 570 1668 explosorem.
582 1604 705 1649 Florebant
717 1600 788 1646 adhuc

74 1696 99 1725 ea
111 1691 244 1741 tempestate
255 1675 316 1720 haud
326 1673 389 1738 pauci
400 1674 444 1718 riri
455 1673 526 1729 doen,
537 1672 669 1718 Ambrosius
680 1670 786 1727 Morales,

76 1749 112 1792 Io.
123 1746 236 1809 ¹Ramirus
244 1746 369 1789 Toletanus
381 1778 387 1798 ,
398 1744 432 1787 Io.
453 1742 556 1787 Perezius
567 1778 573 1799 ‚
585 1742 683 1787 Aluarus
699 1738 787 1784 Gorne-

74 1811 222 1860 zius'Grecae
239 1814 328 1877 linguae
343 1808 462 1874 professor.

126 1884 209 1928 Nadus
222 1895 338 1926 arirousvs
349 1879 510 1941 amplissimum
521 1876 634 1923 theatrum
645 1877 731 1924 meritis
742 1876 785 1921 suis

73 1953 192 2008 debiturn,
203 1950 321 2015 pristinam
334 1948 396 1993 illam
405 1947 517 1993 scribendi
527 1947 665 1992 alacritatem
676 1947 792 1991 instaura-v

72 2023 115 2067 vit.
125 2023 207 2080 ltaque
223 2017 340 2081 septennio
359 2030 479 2077 postquam
491 2016 640 2077 Complutum
653 2015 746 2078 attigit,
759 2013 785 2058 li-

73 2092 127 2135 bros
136 2089 193 2134 duos
205 2087 233 2132 de
244 2087 332 2133 ratione
343 2083 434 2130 dicendi
453 2081 513 2128 foras
524 2083 597 2127 emisit
609 2121 615 2140 ,
628 2084 710 2145 dignos
721 2082 762 2142 qui
773 2098 784 2126 a

72 2171 216 2203 annumero
229 2171 288 2201 nura
305 2168 430 2200 monrnuo
448 2152 601 2213 Hispanorum
617 2150 783 2214 sapientissimo

73 2227 242 2271 celebrarentur
256 2221 353 2286 eleganti
369 2220 528 2283 epigrammate
545 2219 632 2265 anobis
651 2219 714 2263 edito
732 2235 783 2281 pag.

74 2309 132 2354 244.
145 2293 212 2339 huius
223 2292 304 2355 operis.
315 2289 437 2335 Praeterire
451 2288 526 2332 hocin
545 2291 595 2333 loco
606 2304 653 2332 non
668 2302 784 2350 possumus

72 2362 186 2425 insignem
195 2376 219 2407 R.
235 2375 295 2406 cunr
312 2358 355 2403 viri
368 2357 454 2417 alioqui
474 2356 558 2402 eruditi
569 2355 714 2418 supinitatem
726 2392 732 2412 ,
745 2355 785 2414 qui

71 2431 94 2477 in
114 2446 182 2496 opere
200 2429 239 2476 M.
252 2431 273 2477 S.
284 2426 387 2493 superius
404 2425 498 2474 laudato
513 2425 598 2491 primos
610 2441 647 2471 sex
659 2439 735 2470 versus
747 2421 785 2467 ad-

744 2490 786 2538 du«
