1748 2668
63 142 64 145 ’
100 156 155 194 200
230 136 270 187 IN
287 128 479 202 QVARTVM
496 135 662 192 ANTONII.

81 234 135 282 est,
148 233 264 288 quatitans.
281 217 351 271 Cttm
365 219 496 273 bisantem
512 221 590 272 uerbis
601 236 707 289 possum,
719 217 795 280 valeo,

81 323 138 376 queo
148 343 155 367 ‚
167 304 318 372 superlativo
331 306 448 377 iungatur
464 326 511 376 pro
526 320 649 375 parantum:
665 318 693 356 ut
703 341 711 364 ,
723 305 794 358 dicam

80 409 151 463 quam
161 391 292 443 brevissime
301 407 392 461 patero.
402 393 469 444 Hinc
479 393 549 462 plane
557 403 654 444 constat
664 429 672 451 ‚
684 390 749 442 recte
760 393 795 444 di-

80 475 175 528 cinon
194 490 267 543 posse
277 477 401 546 perdoiius
414 515 422 537 ,
436 475 586 544 pertinsem,
601 474 797 543 perdoclitst'mus:

81 576 151 632 quarn
161 578 207 630 per
220 577 267 610 nec
282 561 392 630 iungitur
409 559 597 627 comparativo,
610 574 654 608 nec
669 557 797 623 superlati-

82 663 132 706 νο,
149 645 213 696 sicut
227 663 294 714 quam
312 663 358 713 pro
374 645 442 697 ualde
454 660 589 710 numquam
602 642 713 710 positivo
722 641 798 711 iungi-

83 726 268 795 turmisipost
282 738 380 797 perzut
391 744 507 796 perquam
519 725 613 783 domum
628 736 687 792 post
703 727 795 794 oppido,

84 829 138 867 sant
149 826 158 875 ,'
167 812 300 865 adrandum:
309 824 336 862 ut
346 850 355 872 ,
366 812 450 882 oppido
462 828 530 880 quiam
537 809 656 870 eruditas,
666 826 720 861 saue
730 826 802 878 quant

79 895 178 968 parisiaca
189 931 197 956 ‚
209 895 330 948 admodum
345 913 412 963 quant
422 897 524 964 elegans.

86 976 206 1047 (elatee
222 977 319 1030 felicius
338 993 366 1027 ac
379 977 506 1047 copiosius
522 976 603 1029 multo
613 993 643 1028 er
660 976 798 1031 Laurentio

84 1061 197 1114 Valla&
213 1059 319 1113 Erasmo
334 1060 471 1112 subducere
486 1062 587 1128 poteris
606 1059 661 1111 Nec
671 1062 736 1111 enim
753 1079 798 1114 nos

83 1144 143 1202 latet
153 1152 161 1204 ’,
170 1159 246 1210 quarn
260 1141 335 1201 celeri
345 1141 532 1210 &inaequabili
551 1142 595 1193 filo
605 1155 722 1193 centones
739 1142 796 1195 istos

84 1228 356 1288 corisuerimus,linetn
374 1227 471 1295 alioqui
488 1226 578 1278 itteitrri
598 1243 756 1294 numquam,
776 1230 795 1280 si

84 1315 142 1366 hinc
154 1313 289 1366 indeleelos
299 1325 416 1365 centones
424 1313 495 1365 tereti
504 1313 532 1364 &
541 1312 602 1364 urire
613 1311 723 1364 ernaldo
736 1331 795 1367 con-

78 1409 171 1450 texere
185 1397 362 1449 laboraremus.
372 1395 408 1462 >i)

341 1568 355 1611 S
370 1572 388 1612 C
405 1571 454 1614 ΗΟ
469 1573 485 1615 L
501 1573 511 1615 1
529 1571 547 1614 A'

307 1661 336 1713 In
353 1664 442 1715 aznarane
460 1665 582 1717 Belerion.

87 1760 289 1871 (⁹⁵PLeraque
298 1813 355 1853 sunt
365 1803 483 1865 nomina,
496 1805 584 1874 quibus
601 1805 680 1875 vtrlgo
697 1806 797 1864 utimur.

66 1953 68 1956 ι
87 1887 178 1958 Neque
189 1901 272 1946 tamen
290 1886 386 1953 liquido
398 1887 504 1950 scimus,
517 1885 578 1957 quid
591 1906 619 1941 ea
632 1894 751 1960 proprie,
763 1906 801 1951 ab

87 1973 360 2042 que'zveresignificent.
370 1974 422 2025 Sed
432 1975 614 2043 incompertam
626 1978 654 2029 &
666 1979 798 2048 vulgariam

86 2060 247 2113 traditionem
260 2059 295 2109 rei
305 2075 355 2110 uon
363 2057 504 2126 exploratae
516 2060 612 2127 sequuti
622 2061 737 2114 videmur
749 2081 797 2117 ma«

54 2171 61 2175 -
85 2141 214 2210 gisdicere
228 2142 298 2208 quod
313 2141 442 2203 volonum,
454 2160 529 2211 quam
545 2143 659 2197 dicimus,
669 2144 759 2214 Neque
773 2143 799 2198 id

85 2227 169 2288 solum
183 2225 315 2287 usuvenit,
333 2238 360 2277 ut
377 2225 474 2277 Gellius
490 2225 574 2290 refert,
584 2227 609 2277 in
624 2228 738 2297 hisquae
753 2230 800 2280 dis

86 2312 193 2365 suetudo
203 2328 216 2362 a
226 2312 297 2365 nobis
309 2310 424 2363 alienavit
432 2330 439 2373 ;
448 2298 492 2363 sed
507 2312 532 2363 in
543 2313 580 2363 lris
595 2312 669 2364 etiam
680 2350 688 2374 ‚
699 2330 761 2381 quae
775 2315 799 2367 in

86 2396 239 2449 sermonibus
253 2396 360 2463 celebria
371 2408 444 2465 atque
459 2396 535 2450 obvia
549 2410 608 2466 sunt
621 2437 629 2463 ,
641 2399 712 2467 quod
723 2417 799 2469 quum

752 2491 802 2541 lroc
