1728 2784
338 161 509 214 SCHOLIA.
708 179 755 231 175

50 249 170 308 ditatem‚
187 245 299 316 accipere
316 248 529 317 significationem.
542 249 569 299 Si
584 265 644 301 vero
656 246 770 299 aneutris

52 344 136 381 ortum
148 330 252 391 habeat,
268 346 355 381 eorum
371 346 472 396 quoque
488 330 642 382 naturam&
658 330 771 399 proprie-

52 427 129 465 tatem
150 415 269 482 sequitur,
285 413 411 465 Passivam
427 413 516 464 etenim
535 415 738 482 significationem
754 432 768 465 a

51 500 244 569 neutropassivis
258 510 394 551 mutuatur.
413 498 477 550 Vult
489 513 610 567 praeterea
627 497 772 549 determina-

52 581 73 631 ri
82 596 95 630 a
106 581 185 631 verbis
199 580 391 648 significantibus
400 591 496 631 motum
506 617 514 639 ,
523 591 564 629 aut
574 579 719 645 explicitum
727 594 772 633 aut

52 662 184 715 latentem:
195 677 239 722 ut,
255 682 280 715 eu
291 665 415 714 salutantia
428 679 601 732 Jirsattepturem
612 682 617 712 :
625 681 727 734 propero
738 667 749 716 l
760 699 771 706 -

53 746 113 800 dum
123 746 241 799 [adiuuem
251 764 256 796 :
266 745 307 796 hie
324 758 407 796 motus
423 748 553 812 explicitus
568 747 735 813 significatum
746 751 770 802 in

53 830 182 891 hisvero,
198 829 355 898 eamedattun
372 829 453 879 admisi
472 847 477 878 :
493 830 522 880 do
539 848 612 881 seruos
628 849 725 891 uertunt,
744 834 772 882 dc

42 916 126 983 filiam
139 930 234 985 nuptum
245 953 252 975 ,
263 928 345 967 motus
356 915 431 966 latens
445 928 480 966 est
490 953 498 975 ,
517 933 590 985 quem
606 916 677 968 verba
689 918 775 970 aduit-

53 1016 78 1052 ro
90 999 117 1049 &
127 999 155 1050 do
165 1000 189 1048 in
199 1014 293 1048 recessu
304 997 403 1047 habent.
412 994 557 1048 Cavendum
568 1009 649 1048 autem
659 1015 689 1049 ne
704 1016 717 1049 a
726 1018 769 1052 ver

55 1082 91 1132 bis
99 1081 204 1149 quietem
214 1078 405 1148 significantibus
414 1079 597 1131 determinetur:
608 1097 665 1132 nam
673 1083 722 1131 hoc
730 1099 776 1150 po⁴

57 1164 176 1216 tissimum
187 1180 201 1213 a
213 1163 335 1232 gerundio
353 1164 486 1213 accusativi
501 1165 635 1216 secernitur
645 1183 651 1215 ;
661 1164 719 1233 quia
736 1185 776 1217 su-

53 1250 144 1318 pinum
158 1264 294 1317 numquam
310 1247 358 1298 fere
367 1260 400 1297 est
412 1247 462 1297 sine
471 1247 548 1298 uerbo
558 1247 711 1317 significante
719 1266 774 1300 mo-

58 1344 113 1384 tum
128 1331 160 1382 ad
170 1332 271 1391 locum,
288 1342 316 1380 ut
327 1347 352 1381 eo
362 1367 369 1391 ‚
381 1342 409 1380 ut
423 1332 498 1382 nertio.
509 1327 663 1380 Gerundiurn
671 1347 730 1380 vero
739 1346 777 1380 ae⁴

55 1415 159 1466 cusativi
168 1415 276 1483 iungitur
285 1414 359 1465 etiam
377 1415 457 1465 verbis
472 1416 553 1482 quiete
568 1413 595 1465 &
608 1415 664 1465 otio
677 1416 776 1482 polieu-

55 1499 143 1549 tibus:
155 1509 182 1548 ut
191 1511 246 1558 sto,
262 1498 342 1558 sedeo,
354 1501 426 1550 iaceo.
443 1497 504 1548 Non
515 1499 651 1565 poenitebit
662 1499 686 1550 in
703 1516 776 1551 curo.

55 1587 114 1638 nide
130 1582 300 1635 adnotationis
314 1581 403 1644 huius,
422 1581 484 1633 illud
499 1581 585 1648 (quod
602 1582 688 1647 pausso
704 1600 776 1650 supe·

57 1671 107 1723 rius
124 1668 318 1733 admonuimus)
340 1667 426 1718 iterum
451 1668 476 1717 iu
495 1667 639 1717 memoriam
657 1667 777 1735 redigere:

58 1773 148 1825 nempe
164 1756 233 1825 quod
246 1773 327 1808 vernun
342 1757 373 1805 iri
390 1771 441 1803 non
458 1752 562 1812 dicitur,
581 1768 626 1802 nec
642 1754 777 1821 tumulatum

56 1843 105 1902 iri,
116 1843 156 1892 sed
165 1844 199 1892 ire
208 1859 215 1891 .·
224 1840 281 1908 quia
291 1840 316 1890 in
327 1840 426 1898 ceteris,
438 1854 500 1907 quae
511 1837 623 1905 ambigua
633 1850 687 1887 sunt
696 1875 704 1897 ,
714 1854 777 1906 quae

58 1924 142 1976 aftive
155 1922 183 1972 8c
198 1921 290 1989 passive
305 1920 382 1987 accipi
394 1933 515 1989 possunt,
532 1921 561 1969 ad
579 1918 779 1987 distinguendum

59 2023 154 2074 sensum
169 2002 386 2062 accommodamus
396 2002 545 2051 infinitivum
555 2005 612 2059 noe,
622 2002 660 2050 vei
669 2002 779 2054 activum

59 2092 99 2141 vel
112 2090 248 2157 passivum:
259 2099 286 2137 ut
298 2123 305 2146 ‚
321 2086 386 2138 uideo
400 2101 422 2137 te
436 2102 535 2136 nutarunt
545 2122 552 2143 ,
564 2086 653 2135 dit-“nm
664 2121 671 2143 7
684 2086 778 2144 tecum,

60 2176 162 2229 auditum
172 2175 205 2224 ire
217 2172 256 2223 vei
265 2172 296 2222 iti
307 2189 312 2220 :
323 2170 380 2221 talia
389 2170 455 2219 enim
471 2169 557 2234 supina
573 2168 717 2235 ambiguae,
727 2167 778 2218 sive

60 2260 173 2329 ancipitis
186 2255 373 2326 significationis
387 2268 451 2306 suut.
467 2255 505 2305 At
523 2272 619 2313 tumim,
636 2254 780 2322 depasturum,

62 2345 90 2393 8<
104 2342 122 2390 si
131 2356 179 2408 qua
188 2334 246 2390 suut
262 2338 325 2400 aua,
344 2356 394 2388 non
413 2348 468 2388 sunt
482 2337 614 2404 ancipitis‚
631 2336 671 2385 sed
688 2352 782 2403 semper

62 2426 169 2496 passivae
179 2423 363 2492 significationis
373 2443 378 2474 :
389 2423 447 2475 ideo
456 2441 506 2475 non
517 2433 598 2492 potest
614 2421 672 2473 addi
688 2432 782 2471 utrum

722 2522 782 2570 que>
