1740 2712
351 115 528 173 SCHOLIA)
741 122 792 179 113

74 230 126 267 aaa
137 209 168 263 de
177 205 293 262 oratione
303 224 348 260 raon
360 208 469 268 dicerent,
481 205 522 258 sed
531 201 562 254 de
571 195 701 258 facundia,
713 193 743 246 de
754 209 808 245 sua-

64 293 184 357 vitatede
192 292 267 360 copia
276 289 407 346 orationis:
418 288 503 357 itaque
512 304 563 339 non
576 279 805 343 dicemusaudtore

64 379 156 443 Valla,
168 396 279 434 excusate
289 376 380 436 mardi,
391 390 501 427 excusare
511 370 633 424 tarditatis
644 385 649 419 ε
660 366 703 419 sed
715 403 723 428 ,
733 382 804 418 etart-

64 487 116 521 5ate
126 469 266 521 tarditatem
278 502 285 527 ‚
297 479 406 517 excusate
417 459 521 513 moriana
530 493 538 516 ,
548 469 658 507 excusare
673 465 803 521 reumata«

62 570 123 617 tent,
136 555 185 605 hoc
195 564 232 604 est
243 591 251 615 ‚
265 550 291 602 in
300 547 487 601 excusationem
497 540 593 596 adferre
609 537 727 592 morbum
737 547 801 587 tem«

44 638 46 641 ’
60 649 228 707 pestatemve3
240 630 456 704 quemadmodum
472 643 519 678 nec
532 623 601 678 lando
615 638 639 676 te
649 623 745 675 uirtutis
757 628 801 670 aut

62 722 174 775 errationis
184 757 192 781 ,
203 719 244 770 sed
261 717 289 769 de
299 719 386 768 uirtute
398 712 427 762 8(
437 712 464 763 de
475 710 592 781 elegantia
602 707 722 759 arationis.
740 700 800 754 Huc

60 822 121 858 vero
139 804 253 872 spadam
269 800 344 852 verba
359 795 464 851 raarrerrdi
480 793 509 845 &
525 790 676 845 absoluendi:
693 796 799 855 possunt

59 889 126 950 enim
143 887 281 958 genitivum
297 885 336 936 vel
353 880 488 933 ablativum
505 872 631 929 admoniti
641 871 681 923 vel
698 869 797 922 absolu.

59 974 135 1032 tionis
146 989 244 1043 regere3
254 982 281 1021 ut
291 969 410 1022 Adrauaeo
420 979 443 1016 te
456 963 528 1015 debiti
537 958 576 1011 vel
592 959 670 1013 dedito
682 976 687 1009 :
698 955 797 1009 absoluo

58 1077 82 1115 te
90 1064 229 1115 iniuriarum
239 1058 279 1110 vel
287 1058 389 1109 iniuriis.
404 1054 440 1106 Et
448 1051 565 1104 lucienus
576 1049 608 1105 de
620 1046 726 1100 secunda
736 1058 793 1096 ver·

58 1147 148 1201 borum
157 1146 239 1216 specie
251 1143 400 1197 activorum.

340 1283 380 1327 SC
390 1281 412 1323 H
421 1282 441 1323 0
449 1282 465 1323 L
473 1282 483 1323 1
492 1281 512 1322 Α

154 1363 182 1416 la
193 1361 290 1413 tertiana
299 1359 424 1412 aeriarum
433 1357 574 1410 trutanam
584 1353 692 1421 aperient.

56 1445 173 1541 VErba
191 1489 277 1538 tertiae
293 1485 369 1536 classis
385 1493 484 1547 praeter
495 1476 675 1537 accusativum,
685 1475 729 1543 qui
742 1474 794 1524 iure

54 1575 166 1645 quodam
183 1571 335 1623 hereditario
351 1569 384 1620 eis
402 1567 522 1628 debetur,
537 1563 619 1616 solum
635 1561 696 1631 quia
712 1561 793 1613 aaran

52 1675 118 1721 sunt,
129 1656 256 1727 postulant
266 1654 351 1713 enam,-
360 1651 429 1703 velut
438 1646 557 1718 peculiari
567 1645 677 1714 quadam
690 1655 789 1705 natura,

52 1746 165 1797 dativum
173 1759 275 1802 casum,
288 1758 340 1792 non
350 1748 377 1790 ut
390 1733 545 1805 generalem,
558 1731 600 1782 sed
608 1741 637 1780 ut
653 1728 789 1796 proprium

51 1827 249 1901 &peculiarem
269 1823 347 1876 Vnde
355 1819 430 1872 verba
444 1816 587 1886 acquisitiva
603 1811 736 1862 dicuntur:
747 1822 786 1872 ut,

52 1918 83 1970 da
99 1912 282 1981 ribitpecaaiat,
294 1907 375 1958 dilator.
398 1901 482 1970 Atqui
496 1898 585 1950 vellem
602 1896 641 1947 vel
656 1896 710 1948 duo
725 1885 791 1950 inter

52 1998 139 2053 omnia
149 1995 234 2055 verba,
245 2005 308 2060 quae
318 1989 350 2040 ad
363 1985 471 2039 formam
480 1983 544 2033 hanc
554 1978 653 2031 tertiam
663 1976 787 2047 speciant,

54 2086 170 2138 hocloco
178 2082 300 2134 adnotare
311 2114 318 2138 ,
329 2090 438 2143 quorum
449 2065 617 2139 significatio,
630 2075 658 2114 ut
676 2061 739 2113 nihil
754 2062 792 2114 in-

54 2169 126 2220 terim
143 2168 173 2220 de
186 2159 377 2217 construetione
392 2155 492 2213 dicam,
506 2164 556 2204 tam
576 2148 725 2218 multiplex,
738 2160 791 2204 tam

53 2243 367 2313 variagtameruditaest,
380 2252 410 2292 ut
426 2238 551 2294 Protlreos
561 2234 658 2303 potina,
671 2244 713 2285 aut
730 2234 789 2284 cha.

54 2336 206 2399 maeleontes
212 2362 223 2395 ·,
234 2347 310 2400 quam
316 2326 390 2379 verba
407 2323 511 2375 dixeris:
523 2338 550 2374 ea
563 2322 631 2379 enim
644 2332 704 2372 sunt
717 2320 746 2375 da
760 2320 790 2374 dc

48 2422 116 2489 flacio
128 2440 134 2473 ;
146 2419 187 2472 sed
206 2417 265 2485 quia
274 2410 422 2468 Laurentius
431 2408 506 2461 Valla
516 2446 524 2473 ‚
534 2405 650 2460 Budaeus
660 2443 668 2469 ‚
681 2404 790 2457 Hadria-

440 2494 463 2553 Ρ
730 2504 773 2540 nus
