1756 2720
280 170 283 176 ·
351 139 526 201 solioum
648 139 650 143 '
739 144 790 201 115¹

70 234 258 292 transitionem
275 228 377 303 quidem
398 229 550 283 vehementem
569 216 711 293 significant
727 216 805 270 verba

70 321 153 378 nitiva
160 321 237 392 primi
244 318 417 386 ordini5,quae
426 310 593 366 accusativum
599 319 696 359 tanturn
706 314 804 373 regunt:

71 412 167 466 debilem
176 425 237 460 vero
245 406 320 457 verba
329 414 432 462 neutra,
443 414 551 467 quorum
565 394 633 445 ailus
644 392 669 442 in
683 387 804 442 accusati<

68 516 128 549 vum
140 513 192 548 non
206 492 308 545 transit:
322 484 539 542 vehementissimam
554 489 637 530 autem
646 474 720 526 verba
728 488 804 540 quar*

69 583 89 634 ti
97 582 192 636 ordinis
202 600 208 632 :
219 592 351 650 propterea
360 573 432 645 quod
440 588 527 625 eorum
537 566 606 619 actus
616 562 719 615 tamisie
730 560 802 629 vigo

69 668 112 729 ris,
123 678 150 718 ut
160 665 186 717 in
194 664 321 733 duplicem
335 656 502 712 accusativum
511 649 612 703 transire
620 646 708 698 valeat.
726 642 803 694 Hanc

69 768 116 821 ego
126 746 275 801 divisionem
284 760 329 796 nec
337 745 446 811 impense
454 739 529 790 laudo
538 775 547 798 ,
557 750 604 786 nec
613 731 751 785 admodum
761 743 801 779 re«

72 832 210 904 prehendo:
221 828 304 899 itaque
312 827 416 878 liberum
424 835 470 885 est,
476 822 496 874 si
506 833 532 872 tu
542 817 613 879 velie,
620 812 748 883 ampleeti
758 827 801 864 seu

69 921 137 975 illam
148 919 294 987 relinquere:
304 915 383 968 modo
395 914 465 975 scias,
478 913 537 963 llaec
546 906 621 960 verba
631 900 800 955 accusativum

69 1004 235 1076 principalem
245 1019 277 1053 eo
286 1001 338 1051 iure
346 996 533 1067 postulare,quo
541 992 617 1043 verba
625 989 707 1043 activa
716 1002 800 1038 secun«

70 1093 118 1144 dae
134 1088 225 1159 speciei
239 1085 377 1157 genitivum
386 1082 424 1134 vel
436 1080 588 1138 ablativum,
599 1074 629 1127 &
639 1071 725 1125 tertiae
733 1069 800 1124 datl-

71 1193 138 1227 vum:
149 1189 212 1243 quae
222 1171 241 1222 si
250 1171 299 1222 iam
307 1186 358 1221 non
366 1164 468 1225 excidit,
477 1162 517 1215 vel
525 1162 559 1213 ob
569 1160 595 1211 id
604 1175 646 1211 eos
654 1171 722 1207 casus
731 1167 801 1222 praes

70 1271 107 1310 ter
115 1255 283 1309 accusativum
290 1250 457 1320 exigebantzut
465 1258 577 1298 naturam
585 1257 654 1294 suam
661 1236 797 1308 explerent.

70 1343 121 1395 Sed
134 1344 186 1395 duo
196 1339 237 1390 luc
247 1349 318 1391 notes
331 1344 449 1405 oportet:
460 1331 570 1400 primum
580 1366 588 1390 ,
598 1343 656 1379 eum
665 1339 713 1376 esse
723 1338 798 1374 accu-

68 1427 173 1480 sativum
184 1426 264 1476 miuus
277 1419 450 1492 principalem,
461 1415 566 1483 quirem
577 1410 712 1463 inanimem
722 1405 798 1472 signi-

67 1516 139 1568 ficat:
149 1507 313 1582 principalem
323 1521 393 1565 vero,
402 1502 446 1571 qni
455 1516 506 1550 rem
521 1497 664 1548 animatam:
677 1490 738 1542 utin
751 1492 798 1543 hac

67 1596 198 1662 oratione:
211 1593 279 1646 doceo
293 1586 430 1659 disciliulam
439 1581 637 1638 Grammmicam,
647 1593 697 1628 vox
709 1573 750 1625 illa
762 1574 798 1627 di·-

68 1687 180 1758 scipnlnm
188 1680 340 1736 accusativus
349 1687 384 1728 est
392 1668 546 1744 principalis,
557 1664 669 1721 Gramma
674 1664 741 1716 tieem
752 1676 797 1713 aua

68 1783 118 1822 tem
127 1760 373 1836 minusprincipalis,
389 1751 578 1808 Conducitnoc
587 1756 636 1809 ,ut
647 1745 707 1798 scias
716 1756 797 1797 verte-

68 1873 94 1911 re
101 1855 230 1909 orationes
239 1851 271 1903 ab
279 1848 360 1901 aitiva
368 1844 395 1896 in
405 1838 533 1910 passivam.
541 1831 645 1889 Deinde
653 1829 689 1881 illi
696 1831 748 1883 duo
758 1846 798 1883 ac.

66 1941 179 2004 cusativi,
191 1955 255 2008 qnos
263 1937 324 1986 haec
336 1930 410 1983 verba
415 1927 529 1997 exigunt,
540 1920 633 1976 debent
641 1933 692 1971 esse
701 1932 749 1985 pro
759 1917 797 1969 di.

67 2025 139 2081 versis
147 2020 259 2090 accepti:
269 2030 314 2080 ut,
325 2017 393 2069 doceo
403 2010 526 2082 discipulos
535 2007 630 2060 Partim
639 2022 647 2063 ς
657 1999 716 2071 quia
730 2002 796 2053 duos

66 2106 218 2163 accusativos
228 2104 260 2156 acl
270 2102 382 2153 eamdem
391 2114 442 2148 rem
451 2091 610 2164 pertinentes,
621 2099 664 2140 aut
672 2084 716 2154 qui
724 2083 798 2153 sign'n

66 2198 170 2251 ficantur
181 2193 214 2245 ad
230 2190 341 2243 eamdem
354 2201 407 2237 rem
416 2182 556 2253 pertinere,
568 2178 631 2230 bene
647 2183 736 2244 regunt
747 2170 795 2225 alia

67 2285 154 2336 verba:
165 2291 210 2342 ut,
223 2295 276 2333 nere
291 2289 314 2327 te
323 2272 450 2326 hdmtilrem:
461 2286 512 2322 crea
521 2281 544 2320 ee
553 2263 675 2320 cateridem.

100 2363 218 2417 Vestiendi
234 2357 308 2410 verba
326 2359 374 2421 pro
385 2350 465 2406 altero
472 2338 613 2404 accusativo
623 2345 657 2396 rei
673 2344 794 2410 animatae

65 2459 154 2518 regunt
161 2445 237 2502 etiam
247 2441 368 2497 dativum:
380 2434 500 2501 ut,e'ndu0
510 2430 684 2504 'tidipmnimmt
691 2425 720 2482 ,δέ
727 2424 795 2478 abla-

445 2520 495 2580 Pa
751 2507 783 2560 ti-
