1796 2784
304 176 578 230 COMMENTARIVS.

72 250 140 303 dedit
146 255 305 302 vf'rtsn’uuousus
320 251 460 299 scholiorum
475 249 611 297 editionem.
620 251 712 298 verum
724 248 797 312 quum

73 323 163 371 eollatis
178 339 231 370 cum
248 321 374 387 archetypo
392 320 559 385 exemplaribus
574 321 598 366 in
620 322 691 367 lucem
712 320 799 367 emissis

75 394 153 440 multis
160 394 216 439 locis
225 391 345 438 dissimilia
355 390 494 448 invenisset,
506 405 533 435 ue
542 389 566 434 id
576 405 652 437 nscio
666 390 795 451 imperitiae

74 477 114 509 aut
127 461 247 526 supinitati
262 461 418 517 tribueretur,
428 461 534 506 ledlorem
556 461 646 505 monuit
655 459 796 522 elegantissi-

75 548 110 578 ma
118 532 214 594 epistola
225 528 253 577 ad
262 531 346 576 calcem
355 529 463 577 editionis
471 528 605 574 valentinae
616 529 696 576 reiedla
702 566 710 589 ‚
720 540 790 592 quam

75 600 169 667 diguam
176 605 310 658 censemus,
321 614 349 645 ut
360 599 449 663 integra
459 597 497 643 hic
508 612 647 663 apponatur.

283 747 381 786 AVCTOR
400 747 435 784 AD
453 745 601 785 LECTOREM·

131 877 258 937 „Contuli
277 890 329 941 post
348 875 492 933 editionem,
508 874 579 921 amice
604 877 692 936 ledor,
711 877 799 924 scholia

78 983 96 1008 ,‚
108 949 187 1005 nostra
196 963 247 993 cum
258 946 385 1010 archetypo
395 983 402 1004 ‚
412 946 448 991 cui
465 945 543 991 multis
558 945 614 991 locis
632 947 751 993 dissimilia
761 948 798 993 in·

79 1053 97 1076 „
109 1017 160 1062 veui
173 1035 178 1061 ι
191 1014 256 1077 quod
267 1015 312 1060 utri
326 1017 442 1073 tribuam,
455 1012 556 1078 profetfto
569 1015 661 1069 nesci03
673 1033 700 1061 an
713 1018 794 1062 absen-

78 1086 151 1146 „tiae
168 1102 245 1142 meae,
262 1085 317 1146 qui,
336 1101 408 1146 quum
423 1083 604 1142 excuderentur,
622 1086 709 1131 saetabi
731 1102 794 1133 cram

78 1191 96 1215 ‚,
109 1157 227 1219 plusquam
240 1152 351 1216 Sisypltiis
363 1167 480 1217 oppressus
496 1153 631 1213 laboribus,
645 1172 671 1200 an
684 1167 796 1219 typogra-

78 1242 96 1284 ,',
108 1222 147 1289 plu
163 1223 240 1285 potius
258 1222 358 1268 incuriae
375 1222 397 1267 δέ
414 1221 582 1268 conniventiae.
602 1224 660 1269 Nam
680 1224 758 1287 absit,
772 1237 798 1270 ut

79 1329 97 1352 ,‚
111 1306 188 1337 macro
206 1306 258 1334 meo
269 1326 276 1347 ‚
288 1291 340 1336 viro
354 1290 441 1350 alioqui
453 1292 542 1335 recodlo
553 1325 558 1347 ,
571 1296 593 1336 &
606 1293 703 1353 quinon
716 1293 739 1337 iu
753 1294 798 1337 suis

79 1396 97 1421 ‚,
109 1360 196 1417 modu,
212 1357 271 1405 sed
266 1375 290 1404 ιιι
307 1359 385 1404 alienis
405 1374 497 1420 quoque
511 1360 600 1422 scriptis
622 1362 692 1405 soleat
706 1363 796 1407 acutius

78 1466 96 1490 ‚,
106 1444 203 1476 cernere
201 1464 212 1483 ,
222 1444 291 1488 quam
301 1442 338 1472 aut
347 1428 424 1489 aquila
433 1441 501 1473 autse
490 1444 568 1491 rpeus
577 1429 724 1493 Epidaurius
735 1430 794 1476 bane

79 1498 302 1558 „notaminuratm
321 1497 363 1542 Sed
384 1513 430 1541 non
451 1497 540 1560 patiar,
557 1515 695 1560 quemquam
715 1500 795 1560 iniqu

81 1566 234 1630 „suspitione
248 1565 323 1623 laedi,
335 1566 391 1611 dum
410 1564 488 1610 damni
507 1582 558 1612 caus
551 1583 605 1612 ssas
613 1584 705 1628 quaero
727 1572 796 1615 Penes

80 1649 143 1696 „me
160 1632 326 1690 fateor(liceat
341 1634 449 1681 corrreede
443 1651 465 1680 re
477 1650 523 1680 ιιι
517 1636 639 1691 s)totam
656 1639 744 1701 culpam
759 1654 795 1683 es·

81 1741 99 1764 „
109 1721 145 1761 se,
155 1702 196 1764 qui
209 1704 313 1766 precibus
323 1702 494 1764 quorumdam
489 1721 597 1749 iuvenum
608 1722 631 1750 ιι
626 1706 680 1751 etus
663 1723 737 1752 rnon
751 1707 798 1752 mi-

81 1811 98 1834 „
110 1773 161 1819 nori
173 1771 282 1818 aviditate
294 1773 392 1836 primum
408 1787 565 1834 recentemque
582 1771 654 1820 ferum
671 1776 741 1821 dumo
752 1776 798 1821 eii-

80 1868 97 1903 ‚·‚
109 1842 154 1888 cite
166 1841 270 1904 protinus
281 1842 434 1887 laboraverim
445 1878 451 1898 ,
462 1858 530 1902 quam
547 1843 620 1888 solent
640 1846 794 1903 nrarlierculae,

81 1948 98 1972 „
110 1926 166 1971 quae
184 1909 214 1953 ob
226 1908 373 1955 domesticam
390 1911 522 1956 tertuitat'em
533 1910 631 1960 infantes
642 1930 683 1976 pro
694 1914 796 1960 diuitum

81 2017 98 2040 „
109 1978 197 2024 fotibus
213 1992 340 2040 exponunt.
353 1977 406 2035 Qa
422 1981 508 2026 insania
517 1981 616 2045 Hispani
633 1999 710 2028 omues
729 1983 796 2028 labo-

82 2085 99 2107 „
113 2062 186 2093 ramus
197 2084 204 2104 ‚
216 2047 261 2103 (ι)
272 2045 343 2095 futuri
361 2064 437 2106 secus,
455 2062 480 2094 ut
496 2052 578 2109 armis,
595 2053 627 2096 ira
644 2052 722 2116 lingua
737 2067 796 2112 quo·

82 2132 152 2178 „que
164 2116 240 2161 multis
251 2117 383 2163 nationibus
402 2118 557 2181 potentiores,
570 2122 586 2164 si
600 2138 673 2166 moras
691 2126 712 2166 dc
727 2122 795 2167 limae

91 2252 112 2292 (ι)
122 2257 174 2313 Immo
182 2251 219 2294 long
211 2252 277 2283 realiter
286 2253 330 2285 seutir
339 2252 419 2306 Burcbard·
449 2253 529 2291 „immune

177 2307 180 2316 »
220 2307 222 2318 t

265 2499 276 2506 ⁸*
411 2498 417 2503 “
447 2500 457 2515 Ι)

79 2543 89 2558 n
97 2528 146 2555 uerus,
153 2520 212 2552 elabora
213 2522 319 2563 ampolines,
327 2488 398 2555 enaim-u
400 2535 417 2560 ιι
446 2524 477 2559 „in
486 2522 573 2557 editiorem
579 2523 662 2556 libroruin.
