1804 2748
374 97 547 156 SCHOLIA.
751 105 803 140 201

82 192 132 242 line
145 189 169 240 in
181 186 304 258 plerisque
319 185 464 238 nominibus
481 202 553 256 saepe
571 177 676 236 aecidat
686 215 693 238 ,
704 183 761 226 tum
772 189 823 224 ma*

72 276 141 327 uiuae
153 273 254 345 quidem
264 273 289 324 in
297 268 407 322 relativis
422 268 652 338 appellationibus,
666 277 818 333 quaequam

76 360 156 413 multa
173 372 231 411 sunt
242 401 250 423 ,
260 356 440 428 &frequentia
451 355 476 406 in
486 356 713 424 grammaticorum
724 364 821 399 sermo-

76 446 167 506 nibus,
185 459 237 497 tam
247 460 259 495 a
279 443 365 512 paucis
375 457 431 492 sane
443 438 569 492 iutelleda
580 480 588 503 ,
600 436 723 510 periculo
737 432 818 494 fatto,

75 532 257 600 deprehendes,
267 529 327 581 Hoc
347 546 426 600 porro
436 545 486 579 non
495 529 529 580 sie
546 543 570 580 te
581 526 702 592 accipere
713 519 818 579 vellem,

73 632 103 669 ut
111 618 259 669 trattatores
269 621 359 667 norum
369 614 516 673 numinum,
540 615 608 664 viros
628 607 730 674 alioqui
752 605 820 658 haud

73 717 130 751 sane
148 698 283 758 indothS,
295 713 377 766 neque
387 694 508 763 ignobiles
520 734 527 756 ,
540 708 673 761 tamquam
693 691 719 739 in
739 706 765 739 re
780 706 820 740 va-

73 787 111 838 ria
122 786 151 837 dc
162 783 296 853 multiplici
309 799 399 853 parum
416 778 489 830 fuisse
508 780 647 848 eloquutos
660 813 668 836 ,
680 787 722 826 ant
739 786 820 825 mate-

73 875 125 927 riae
139 872 279 925 destinatae
301 887 400 939 prorsus
418 868 538 920 exstitisse
550 870 652 937 ignaros
672 879 713 913 me
725 861 821 912 sentire

73 972 156 1033 putes.
171 958 240 1011 Nam
256 957 390 1028 pleraque,
400 955 484 1026 lepide
502 951 626 1006 mehercle
647 949 677 1001 8<
691 949 767 1013 scite,
785 949 819 1001 de

74 1046 183 1101 relatiuis
198 1043 391 1113 apellationibus
406 1042 439 1095 ab
452 1041 525 1095 Aldu
539 1037 667 1096 Manutio
676 1034 705 1087 &
721 1034 819 1088 Iacobo

73 1134 188 1208 Spirensi
202 1133 295 1186 tradita
313 1130 398 1202 negari
408 1148 461 1183 non
474 1142 574 1200 potest,
588 1147 603 1183 a
615 1126 710 1197 quibus
722 1125 817 1178 bonam

74 1222 148 1277 huius
159 1231 258 1273 nostrae
269 1219 300 1270 de
315 1213 424 1268 relativis
435 1213 591 1267 tradationis
606 1221 709 1282 partem
719 1224 759 1260 me
777 1223 819 1260 ae-

74 1310 167 1377 cepisse
176 1306 283 1375 ingenue
294 1301 383 1356 fateor.
393 1300 445 1352 Sed
456 1299 546 1369 vulgus
557 1298 625 1351 istud
635 1295 727 1364 potius
738 1310 820 1364 gram-

74 1392 226 1444 maticorum
244 1386 391 1454 imperitum
401 1399 498 1450 carpo,
518 1383 588 1448 quud
598 1398 681 1451 quum
691 1395 778 1430 veram
789 1394 819 1430 ac

74 1492 217 1547 germanam
234 1470 419 1525 vocabulorum
438 1467 652 1538 significationem
673 1476 818 1535 numquam

75 1555 225 1617 calluerint,
238 1572 289 1608 non
300 1564 416 1605 verentur
432 1563 516 1603 tamen
528 1591 537 1613 ‚
552 1552 619 1619 proli
641 1547 712 1600 nefas
724 1550 731 1602 l
743 1546 820 1616 quam
887 1601 889 1604 ,

74 1661 127 1698 non
146 1643 288 1715 intelligunt
306 1641 435 1695 scientiam
446 1678 453 1701 ,
464 1638 588 1708 profiteri.
608 1635 745 1698 Proinde,
764 1653 817 1705 qua
850 1700 851 1703 Ἴ
876 1667 891 1672 »v

74 1729 213 1798 poterimus
232 1724 392 1780 industria&
408 1722 536 1792 diligentia
547 1759 556 1783 ,
566 1720 687 1774 dabimus
698 1737 815 1789 operam,
893 1713 894 1716 ¹

74 1818 188 1886 nequod
200 1816 225 1867 in
239 1815 321 1882 opicis
333 1810 384 1862 istis
394 1808 423 1859 dc
433 1808 568 1878 agrestibus
580 1806 730 1860 hominibus
742 1819 816 1859 nota-

74 1916 148 1961 mus,
162 1899 234 1951 nobis
249 1896 388 1965 aliquando
405 1895 458 1948 dari
474 1893 538 1946 vitio
555 1891 646 1962 possit.
659 1892 741 1960 quue
758 1903 814 1944 tum

75 1985 172 2055 optime
181 1983 234 2036 fieri
244 1982 388 2053 putavimus
398 2021 406 2045 ‚
415 1980 434 2031 si
444 1979 568 2048 quidquid
578 1978 611 2029 de
622 1976 734 2029 relativis
742 1993 814 2044 prae⁴

75 2066 379 2139 ceperimus‚rationibus
395 2063 424 2114 &
442 2060 614 2115 excellentium
632 2062 748 2115 virorum
766 2080 812 2116 au·
868 2098 870 2100 -

75 2157 234 2212 sturitatibus
251 2151 490 2207 confirmaverimus,
507 2149 615 2216 Atque5
634 2166 667 2201 ne
681 2149 769 2203 multis
787 2163 811 2206 te
893 2142 901 2151 ²

76 2261 178 2304 morer,
199 2239 330 2293 candidate
348 2240 487 2292 litterarum
506 2252 591 2306 puer,
607 2237 662 2291 hoc
676 2236 812 2294 didumin

75 2330 164 2404 primis
174 2327 235 2381 tolle
245 2344 356 2380 memor:
368 2326 403 2394 t)

129 2414 245 2476 Relatiaa
260 2410 505 2474 aliasuntdialetta‚
520 2409 568 2466 alia
574 2410 752 2482 grammatica.
762 2409 812 2465 Re*

458 2496 499 2560 Co
780 2494 817 2559 lat
